<marcxml:record xmlns:xlink="http://www.w3.org/1999/xlink" xmlns:marcxml="http://www.loc.gov/MARC21/slim" xmlns:mets="http://www.loc.gov/METS/" xmlns:mxe="http://www.loc.gov/mxe" xmlns:rdf="http://www.w3.org/1999/02/22-rdf-syntax-ns#" xmlns:rdfs="http://www.w3.org/2000/01/rdf-schema#" xmlns:skos="http://www.w3.org/2004/02/skos/core#" xmlns:madsrdf="http://www.loc.gov/mads/rdf/v1#" xmlns:ri="http://id.loc.gov/ontologies/RecordInfo#" xmlns:sem="http://marklogic.com/semantics">
  <marcxml:leader>01074nz  a2200217n  4500</marcxml:leader>
  <marcxml:controlfield tag="001">n91022876</marcxml:controlfield>
  <marcxml:controlfield tag="003">DLC</marcxml:controlfield>
  <marcxml:controlfield tag="005">19910306115132.0</marcxml:controlfield>
  <marcxml:controlfield tag="008">910306n| acannaab|          |a ana |||  </marcxml:controlfield>
  <marcxml:datafield tag="010" ind1=" " ind2=" ">
    <marcxml:subfield code="a">n  91022876 </marcxml:subfield>
  </marcxml:datafield>
  <marcxml:datafield tag="040" ind1=" " ind2=" ">
    <marcxml:subfield code="a">DLC</marcxml:subfield>
    <marcxml:subfield code="c">DLC</marcxml:subfield>
  </marcxml:datafield>
  <marcxml:datafield tag="110" ind1="2" ind2="0">
    <marcxml:subfield code="a">Pantheon (Rome, Italy)</marcxml:subfield>
  </marcxml:datafield>
  <marcxml:datafield tag="410" ind1="2" ind2="0">
    <marcxml:subfield code="a">Panteon (Rome, Italy)</marcxml:subfield>
  </marcxml:datafield>
  <marcxml:datafield tag="410" ind1="1" ind2="0">
    <marcxml:subfield code="w">nnaa</marcxml:subfield>
    <marcxml:subfield code="a">Rome (City).</marcxml:subfield>
    <marcxml:subfield code="b">Pantheon</marcxml:subfield>
  </marcxml:datafield>
  <marcxml:datafield tag="410" ind1="1" ind2="0">
    <marcxml:subfield code="a">Rome (Italy).</marcxml:subfield>
    <marcxml:subfield code="b">Pantheon</marcxml:subfield>
  </marcxml:datafield>
  <marcxml:datafield tag="410" ind1="1" ind2="0">
    <marcxml:subfield code="a">Santa Maria Rotonda (Church : Rome, Italy)</marcxml:subfield>
  </marcxml:datafield>
  <marcxml:datafield tag="410" ind1="2" ind2="0">
    <marcxml:subfield code="a">Santa Maria ad Martyres (Church : Rome, Italy)</marcxml:subfield>
  </marcxml:datafield>
  <marcxml:datafield tag="670" ind1=" " ind2=" ">
    <marcxml:subfield code="a">Hirt, A. Osservazioni istorico-architettoniche sopra il Panteon, 1791.</marcxml:subfield>
  </marcxml:datafield>
  <marcxml:datafield tag="670" ind1=" " ind2=" ">
    <marcxml:subfield code="a">LC data base, 03-06-91</marcxml:subfield>
    <marcxml:subfield code="b">(hdg.: Rome (City). Pantheon)</marcxml:subfield>
  </marcxml:datafield>
  <marcxml:datafield tag="670" ind1=" " ind2=" ">
    <marcxml:subfield code="a">Enc. Brit., 1982</marcxml:subfield>
    <marcxml:subfield code="b">(Pantheon, famous bldg. in Rome; begun in 27 B.C. by the statesman Marcus Vipsanius Agrippa; rebuilt by the emperor Hadrian ca. 118-119 A.D.; dedicated in 609 A.D. as the church of Sta. Maria Rotonda, which it remains today)</marcxml:subfield>
  </marcxml:datafield>
  <marcxml:datafield tag="670" ind1=" " ind2=" ">
    <marcxml:subfield code="a">Cath. enc.:</marcxml:subfield>
    <marcxml:subfield code="b">v. 13, p. 170 (S. Maria ad Martyres, the Pantheon) index (Santa Maria ad Martyres, church, Rome; ref. from Santa Maria Rotonda, church, Rome)</marcxml:subfield>
  </marcxml:datafield>
</marcxml:record>
